=LDR  02022cas a2200577 i 4500
=001  020125270
=003  Uk
=005  20210623140723.0
=006  m\\\\\\\\d\\\\\\\\
=007  cr\|||||||||||
=008  210305c20219999ne\fr\p\s\\\\\0\\\a0eng\\
=FMT  \\$a  SE
=022  \\$y2666-1748
=040  \\$aUk$beng$cUk$erda
=042  \\$aukblsr
=082  04$a418.0071$223
=245  00$aTASK :$bjournal on task-based language teaching and learning.
=264  \1$aAmsterdam :$bJohn Benjamins Publishing Company,$c2021-
=310  \\$aSemiannual
=336  \\$atext$2rdacontent
=337  \\$acomputer$2rdamedia
=338  \\$aonline resource$2rdacarrier
=362  0\$aVolume 1, issue 1 (2021)-
=500  \\$aTitle from PDF thumbnail (publisher's website, viewed June 17, 2021).
=540  \\$aCurrent copyright fee: GBP20.00$c78\0$5Uk
=650  \0$aLanguage and languages$xStudy and teaching$xMethodology$vPeriodicals.
=650  \0$aTask analysis in education$vPeriodicals.
=856  40$ahttps://www.jbe-platform.com/content/journals/26661756/browse?page=previous-issues
=856  4\$31850-9999$uhttp://benjamins.com$xBLDSS
=859  \\$aELD$bejournal
=852  \\$aBritish Library$bDSC$j8606.663550$3Volume 1:Issue 1(2021)-
=945  \\$aTask -Amsterdam-
=959  \\$fCurrently received
=985  \\$aWFH record (CS) 2021
=CAT  \\$a12654$b40$c20210305$lBLL01$h1207
=CAT  \\$a8055$b40$c20210305$lBLL01$h1306
=CAT  \\$aBATCH-UNOA$c20210309$lBLL01$h2106
=CAT  \\$aBLDSS-3PM$b00$c20210311$lBLL01$h0713
=CAT  \\$aBATCH-UPD$b00$c20210311$lBLL01$h0715
=CAT  \\$a5410$b40$c20210323$lBLL01$h1101
=CAT  \\$a8124$b40$c20210617$lBLL01$h1143
=CAT  \\$a8124$b40$c20210623$lBLL01$h1407
=CFI  0\$aCurrent copyright fee: GBP20.00$c78\0$e05-mar-2021$fGBP20.00$g0$hP$5Uk
=EST  \\$a1
=FFP  \\$aY$bBLDSS-3PM
=FIN  \\$aY$d20210617
=LET  \0$aTASK (Electronic)
=MNI  \\$a2666-1756
=TOC  \\$aETOC
=UNO  \\$aY
=LAS  \\$a8124$b40$c20210623$lBLL01$h1407

