=LDR  05797cas a2201273 a 4500
=001  012434067
=003  Uk
=005  20230223160633.0
=006  m\\\\\o\\d\\\\\\\\
=007  cr\cnu||||||||
=008  001207c19869999nyubr\pso\\\\\0\\\a0eng\c
=FMT  \\$a  SE
=010  \\$a   00213215 
=016  7\$a2049066-5$2DE-600
=019  c\$a102304577
=022  0\$a1532-8449$l0882-5963$2j
=035  \\$a(OCoLC)45493046$z(OCoLC)858837169$z(OCoLC)905927535$z(OCoLC)1034935318$z(OCoLC)1038391008$z(OCoLC)1043199989
=040  \\$aNSD$beng$cNSD$dOCLCQ$dMXC$dOCLCQ$dSBH$dOCL$dUMC$dGUA$dNSD$dOCLCQ$dOCLCF$dNUI$dVT2$dOCLCQ$dCKK$dOCLCQ$dBUF$dU3W$dEZC$dWYU$dRDF$dOCLCQ$dOCLCO$dUk
=042  \\$aukblsr
=050  14$aRJ245
=060  00$aW1$bJO828EJ
=082  04$a618.9200231$223
=130  0\$aJournal of pediatric nursing (Online)
=210  0\$aJ. pediatr. nurs.$b(Online)
=222  \0$aJournal of pediatric nursing$b(Online)
=245  10$aJournal of pediatric nursing.
=260  \\$a[Philadelphia, Pa.] :$bW.B. Saunders
=264  31$aNew York :$bElsevier
=300  \\$billustrations (black and white, and colour)
=310  \\$aBimonthly
=336  \\$atext$btxt$2rdacontent
=337  \\$acomputer$bc$2rdamedia
=338  \\$aonline resource$bcr$2rdacarrier
=362  1\$aPrint began with vol. 1, no. 1 (Feb. 1986).
=500  \\$aPublished: New York : Elsevier, <2008->.
=515  \\$a<2022>- Articles added, as accepted, to current issue.
=588  0\$aVol. 15, no. 4 (Aug. 2000); title from table of contents (viewed December 7, 2000).
=588  1\$aVolume 62 (January/February 2022) (ScienceDirect, viewed March 8, 2022).
=595  \\$aSEE ALSO SERIAL RECORDS RCN.
=540  \\$aCurrent copyright fee: GBP34.30$c5\1$5Uk
=530  \\$aAlso issued in print.
=538  \\$aMode of access: World Wide Web.
=650  \0$aPediatric nursing$vPeriodicals.
=650  \2$aPediatric Nursing
=650  \7$aPediatric nursing.$2fast$0(OCoLC)fst01056451
=655  \7$aPeriodicals.$2fast$0(OCoLC)fst01411641
=776  08$iAlso issued in print as:$tJournal of pediatric nursing$x0882-5963
=856  4\$31850-9999$uhttp://www.elsevier.com/journals$xBLDSS
=859  \\$aELD$bejournal
=856  40$uhttp://www.pediatricnursing.org$zSubscription required for access
=856  40$uhttp://www.sciencedirect.com/science/journal/08825963
=856  4\$uhttp://firstsearch.oclc.org$zAddress for accessing the journal using authorization number and password through OCLC FirstSearch Electronic Collections Online
=856  4\$uhttp://firstsearch.oclc.org/journal=0882-5963;screen=info;ECOIP$zAddress for accessing the journal from an authorized IP address through OCLC FirstSearch Electronic Collections Online
=852  41$aBritish Library$bDSC$j5030.190000$3Volume 10:Issue 1(1995)-***See ESTAR for full holdings.
=945  \\$aJOURNAL OF PEDIATRIC NURSING.
=959  \\$fCurrently received
=985  \\$aCONFERENCE ANALYTIC RECORDS EXIST
=985  \\$aCorrected by BSS-generated file for WR# 08/157
=985  \\$aUpgraded by BSS-generated file for WR2011-1472
=985  \\$aUpdated by MS generated file for WR2302-017
=A02  \\$a102304577
=CAT  \\$aCONV$b00$c20040425$lBLL90$h0713
=CAT  \\$aWR10_164$c20101215$lBLL01$h1511
=CAT  \\$aWR11_155$c20111021$lBLL01$h1330
=CAT  \\$aWR11_155$c20111114$lBLL01$h1647
=CAT  \\$aBATCH-UPD$b00$c20111123$lBLL01$h1852
=CAT  \\$aIPL-CLA$c20111230$lBLL01$h2013
=CAT  \\$aBATCH-CLA$b00$c20121109$lBLL01$h1734
=CAT  \\$aBATCH-UPD$b00$c20121121$lBLL01$h1655
=CAT  \\$aIPL-CLA$c20121231$lBLL01$h1309
=CAT  \\$aIPL-CLA$c20130102$lBLL01$h1727
=CAT  \\$aWR13.005$c20130323$lBLL01$h1510
=CAT  \\$aBATCH-CLA$b00$c20140125$lBLL01$h1308
=CAT  \\$aBATCH-CLA$c20140225$lBLL01$h2319
=CAT  \\$aBLDSS-3PM$b00$c20141222$lBLL01$h1713
=CAT  \\$a10934$b40$c20150120$lBLL01$h1605
=CAT  \\$aBATCH-UPD$b40$c20160526$lBLL01$h1439
=CAT  \\$aBATCH-UPD$b40$c20171121$lBLL01$h1742
=CAT  \\$aIPL-CLA$c20171231$lBLL01$h1623
=CAT  \\$aBATCH-UPD$b00$c20190521$lBLL01$h1434
=CAT  \\$aIPL-CLA$c20190630$lBLL01$h1532
=CAT  \\$aW2011-1472$b00$c20201127$lBLL01$h1803
=CAT  \\$aBATCH-UPD$b00$c20211119$lBLL01$h1552
=CAT  \\$aIPL-CLA$c20211231$lBLL01$h1542
=CAT  \\$a8124$b40$c20220308$lBLL01$h1530
=CAT  \\$a8124$b40$c20220323$lBLL01$h1242
=CAT  \\$aW2302-0174$c20230223$lBLL01$h1952
=CFI  0\$aCurrent copyright fee: GBP34.30$c5\1$e01-jan-2022$fGBP34.30$g0$hP$5Uk
=CFI  2\$aPrevious copyright fee: GBP32.84$c5\1$e01-jul-2019$fGBP32.84$g0$hP$5Uk
=EST  \\$a1
=FFP  \\$aY$bBLDSS-3PM
=FIN  \\$aY
=LEO  \\$aMP10.0000631337
=LET  \0$aJournal of pediatric nursing (Electronic)
=LKR  \\$aPAR$b010491376$lBLL01$r776$mJournal of pediatric nursing (Online)$nJournal of pediatric nursing (Print)
=MNI  \\$a0882-5963
=SID  \\$aZ39$bOCLC
=SRC  \\$aDSS01$bbibmp10.200404.2.aa
=TCO  \\$aCLA$bCLA$c008
=TOC  \\$aETOC
=ACF  \\$aPrevious copyright fee: GBP19.00$c5\9$e01-jan-2008$fGBP19.00$g0$hP$5Uk
=ACF  \\$aPrevious copyright fee: GBP18.00$c5\9$e01-apr-2004$fGBP18.00$g0$hP$5Uk
=ACF  \\$aCurrent copyright fee: GBP20.00$c5\9$e28-may-2003$fGBP20.00$g0$hP$5Uk
=ACF  \\$aCurrent copyright fee: GBP20.00$c0$e01-apr-2003$fGBP20.00$g0$hC$5Uk
=ACF  \\$aPrevious copyright fee: GBP20.00$c5\1$e01-jan-2009$fGBP20.00$g0$hP$5Uk
=ACF  \\$aPrevious copyright fee: GBP21.00$c5\1$e01-jan-2012$fGBP21.00$g0$hP$5Uk
=ACF  \\$aPrevious copyright fee: GBP22.50$c5\1$e01-jan-2013$fGBP22.50$g0$hP$5Uk
=ACF  \\$aPrevious copyright fee: GBP23.40$c5\1$e01-jan-2018$fGBP23.40$g0$hP$5Uk
=LAS  \\$aW2302-0174$b00$c20230223$lBLL01$h1952

