=LDR  05394cas a2201189 a 4500
=001  013135217
=003  Uk
=005  20191231193227.0
=006  m\\\\\\\\d\\\\\\\\
=007  cr|un|||||||||
=008  040913c20049999enkfr\pss\\\\\0\\\a0eng\d
=FMT  \\$a  SE
=015  \\$aGBB348158$2bnb
=016  7\$a2156618-5$2DE-600
=022  0\$a1742-7924
=035  \\$a(OCoLC)56493563
=037  \\$aISSN_17427932$bPortico$nWiley
=040  \\$aFXG$beng$cFXG$dOCL$dOCLCQ$dHEBIS$dCEF$dVPI$dOCLCQ$dUk
=042  \\$aukblsr
=043  \\$aa-ja---
=050  \4$aRT1$b.J37
=082  04$a610.73$223
=130  0\$aJapan journal of nursing science (Online)
=222  \0$aJapan journal of nursing science$b(Online)
=245  10$aJapan journal of nursing science$h[electronic resource].
=246  13$aJJNS
=260  \\$aOxford :$bBlackwell,$c2004-
=260  \\$a[Oxford] :$bBlackwell
=260  2\$32007-$a[Oxford :$bWiley-Blackwell]
=264  31$a[Place of publication not identified] :$bWiley
=310  \\$aQuarterly,$b2014-
=321  \\$aSemiannual,$b-2013
=336  \\$atext$2rdacontent
=337  \\$acomputer$2rdamedia
=338  \\$aonline resource$2rdacarrier
=362  0\$aVol. 1, issue 1 (Aug. 2004)-
=500  \\$aTitle from issue contents page (Blackwell Synergy, viewed Sept. 13, 2004).
=530  \\$aAlso issued in print.
=550  \\$a"Official journal of the Japan Academy of Nursing Science."
=588  \\$aLatest issue consulted: volume 14, issue 3 (2017) (WileyOnline Library, viewed September 13, 2017).
=540  \\$aCurrent Copyright Fee: GBP32.00$c35\0$5Uk
=650  \0$aNursing$vPeriodicals.
=650  \0$aNursing$zEast Asia$vPeriodicals.
=710  2\$aNihon Kango Kagaku Gakkai.
=776  1\$iPrint version -2013 :$tJapan journal of nursing science$x1742-7932
=859  \\$aELD$bejournal
=856  \\$31850-9999$uhttp://onlinelibrary.wiley.com/$xBLDSS
=856  40$uhttp://onlinelibrary.wiley.com/journal/10.1111/(ISSN)1742-7924
=856  4\$uhttp://firstsearch.oclc.org$zAddress for accessing the journal using authorization number and password through OCLC FirstSearch Electronic Collections Online
=856  40$uhttp://proxy.library.carleton.ca/login?url=http://www3.interscience.wiley.com/cgi-bin/issn?DESCRIPTOR=PRINTISSN&VALUE=1742-7932$zWiley Interscience: v.1 (2004)-
=856  40$uhttp://www.blackwell-synergy.com/servlet/useragent?func=showIssues&code=jjns$zLink no longer valid
=856  41$uhttp://www.blackwell-synergy.com/servlet/useragent?func=showIssues&code=jjns$zFull text via Blackwell Synergy:$zLink no longer valid
=852  \\$aBritish Library$bDSC$j4648.330400$3Volume 1:Issue 1(2004)-Volume 8:Issue 2(2011)***See ESTAR for full holdings.
=945  \\$aJapan journal of nursing science
=959  \\$fHeld but not currently received
=985  \\$aISSN responsibility transferred to U.S. ISSN Center from ISSN UK Centre, Wiley, Multinational Publisher List, Summer 2017.
=CAT  \\$a7174$b40$c20050315$lBLL01$h1424
=CAT  \\$a8323$b40$c20120516$lBLL01$h0824
=CAT  \\$a5552$b40$c20120523$lBLL01$h0856
=CAT  \\$aBATCH-CLA$b00$c20121109$lBLL01$h1729
=CAT  \\$a8201$b40$c20130516$lBLL01$h1135
=CAT  \\$aBATCH-CLA$b00$c20130526$lBLL01$h1700
=CAT  \\$aWR13.114$c20130717$lBLL01$h1313
=CAT  \\$aBATCH-PORT$c20130829$lBLL01$h1113
=CAT  \\$aBATCH-CLA$b00$c20140125$lBLL01$h1315
=CAT  \\$aWR14_009$c20140204$lBLL01$h2343
=CAT  \\$aBATCH-CLA$c20140225$lBLL01$h2324
=CAT  \\$aBLDSS-3PM$b00$c20141214$lBLL01$h1522
=CAT  \\$aBATCH-UPD$b00$c20150215$lBLL01$h1625
=CAT  \\$aIPL-CLA$c20150228$lBLL01$h2048
=CAT  \\$aBATCH-UPD$b00$c20160519$lBLL01$h2131
=CAT  \\$aW1703-0316$c20170306$lBLL01$h1824
=CAT  \\$aW1703-0316$c20170307$lBLL01$h1648
=CAT  \\$aIPL-CLA$c20170307$lBLL01$h1824
=CAT  \\$a10973$b40$c20170913$lBLL01$h1135
=CAT  \\$aW1711-1005$c20171206$lBLL01$h1817
=CAT  \\$aBATCH-UPD$b00$c20180219$lBLL01$h1746
=CAT  \\$aBATCH-UPD$b00$c20181121$lBLL01$h1621
=CAT  \\$aIPL-CLA$c20181231$lBLL01$h1541
=CAT  \\$aR1911-0245$c20191127$lBLL01$h0823
=CAT  \\$aR1911-0245$c20191127$lBLL01$h1045
=CAT  \\$aIPL-CLA$c20191231$lBLL01$h1932
=CFI  0\$aCurrent Copyright Fee: GBP32.00$c35\0$e01-jan-2020$fGBP32.00$g0$hP$5Uk
=CFI  2\$aPrevious copyright fee: GBP28.00$c35\0$e01-jan-2019$fGBP28.00$g0$hP$5Uk
=EST  \\$a1
=FFP  \\$aY$bBLDSS-3PM
=FIN  \\$aY$d20120516
=MNI  \\$a1742-7932
=SID  \\$aZ39$bOCLC
=TCO  \\$aTRS$bCCC$c008
=TCO  \\$aCLA$bCLA$c008
=TOC  \\$aETOC
=UNO  \\$aY
=ACF  \\$aPrevious copyright fee: GBP10.50$c0$e01-jan-2011$fGBP10.50$g0$hA$5Uk
=ACF  \\$aBritish Library not licensed to copy$c0$e01-jan-2006$hC$iCLA Excluded$5Uk
=ACF  \\$aBritish Library not licensed to copy$c0$e01-oct-2005$hC$iCLA Excluded$5Uk
=ACF  \\$aPrevious copyright fee: GBP15.00$c10\0$e15-mar-2005$fGBP15.00$g0$hP$5Uk
=ACF  \\$aPrevious copyright fee: GBP12.00$c0$e01-jan-2012$fGBP12.00$g0$hA$5Uk
=ACF  \\$aPrevious copyright fee: GBP22.00$c10\0$e23-may-2012$fGBP22.00$g0$hP$5Uk
=ACF  \\$aPrevious copyright fee: GBP24.00$c10\0$e01-mar-2015$fGBP24.00$g0$hP$5Uk
=ACF  \\$aPrevious copyright fee: GBP24.00$c35\0$e07-mar-2017$fGBP24.00$g0$hP$5Uk
=LAS  \\$aIPL-CLA$b00$c20191231$lBLL01$h1932

