=LDR  04410cas a22010457a 4500
=001  012433820
=003  Uk
=005  20230426110818.0
=007  cu||||
=008  040410d19972012enkbr\p\s\\\\\0\\\a0eng\\
=FMT  \\$a  SE
=019  c\$a102093742
=022  0\$a1477-9986$202
=040  \\$aUk$cUk$dUk
=042  \\$aissnuk$aukblsr
=130  0\$aJournal of electron microscopy (Online)
=210  0\$aJ. electron microsc.$b(Online)
=222  \0$aJournal of electron microscopy$b(Online)
=245  10$aJournal of electron microscopy.$h[electronic resource]
=260  \\$aOxford :$bOxford University Press,$c-2012.
=310  \\$aBi-monthly
=336  \\$atext$2rdacontent
=337  \\$acomputer$2rdamedia
=362  0\$a-volume 61, number 6 (December 2012).
=595  \\$aFormerly 4976.000000 up to Volume 12, Issue 4 (1963). See also Serial Records KCS-SE and SCRI.
=540  \\$aCurrent copyright fee: GBP32.00$c29\0$5Uk
=650  \0$aElectron microscopy$vPeriodicals.
=710  2\$aNihon Denshi Kenbikyō Gakkai.
=776  0\$tJournal of electron microscopy$x0022-0744
=785  00$tMicroscopy (Oxford, England)$x2050-5701
=859  \\$aELD$bejournal
=856  \\$31850-9999$uhttp://ukcatalogue.oup.com/$xBLDSS
=856  40$uhttp://jmicro.oxfordjournals.org/
=852  41$aBritish Library$bDSC$j4974.880000$32001 VOL 50 PART 1-Volume 60:Issue 6(2011)***See ESTAR for full holdings.
=945  \\$aJournal of electron microscopy -Oxford-
=959  \\$fHeld but not currently received
=963  \\$aCA/U-2 VOL. 16, 1967- *A=1$bN
=964  \\$a[19?]- *A=1$c535.8$dQ$eJJ666
=A02  \\$a102093742
=CAT  \\$aCONV$b00$c20040425$lBLL90$h0713
=CAT  \\$a8124$b40$c20140122$lBLL01$h1248
=CAT  \\$aBATCH-CLA$b00$c20140125$lBLL01$h1307
=CAT  \\$a8124$b40$c20140129$lBLL01$h1126
=CAT  \\$a8124$b40$c20140129$lBLL01$h1127
=CAT  \\$aBATCH-CLA$c20140225$lBLL01$h2319
=CAT  \\$a11433$b40$c20140509$lBLL01$h1746
=CAT  \\$aBATCH-UPD$b40$c20141124$lBLL01$h1810
=CAT  \\$aBLDSS-3PM$b00$c20141208$lBLL01$h1624
=CAT  \\$aIPL-CLA$c20141231$lBLL01$h1650
=CAT  \\$aBATCH-UPD$b00$c20151119$lBLL01$h1551
=CAT  \\$aIPL-CLA$c20151231$lBLL01$h1918
=CAT  \\$aBATCH-UPD$b00$c20160524$lBLL01$h2209
=CAT  \\$aBATCH-UPD$b00$c20160525$lBLL01$h0014
=CAT  \\$aBATCH-UPD$b00$c20161122$lBLL01$h1520
=CAT  \\$aIPL-CLA$c20161230$lBLL01$h2114
=CAT  \\$aBATCH-UPD$b00$c20171121$lBLL01$h1703
=CAT  \\$aW1711-1005$c20171206$lBLL01$h1815
=CAT  \\$aIPL-CLA$c20171231$lBLL01$h1623
=CAT  \\$aBATCH-UPD$b00$c20181217$lBLL01$h1651
=CAT  \\$aIPL-CLA$c20181231$lBLL01$h1540
=CAT  \\$a12654$b40$c20200113$lBLL01$h1113
=CAT  \\$aBATCH-UPD$b40$c20220308$lBLL01$h1727
=CAT  \\$aIPL-CLA$c20220331$lBLL01$h1951
=CAT  \\$aS2302-1302$c20230322$lBLL01$h1708
=CAT  \\$aBATCH-SUPP$c20230426$lBLL01$h1108
=CFI  0\$aCurrent copyright fee: GBP32.00$c29\0$e01-apr-2022$fGBP32.00$g0$hP$5Uk
=CFI  2\$aPrevious copyright fee: GBP29.00$c29\0$e13-jan-2020$fGBP29.00$g0$hP$5Uk
=EST  \\$a1
=FFP  \\$aY$bBLDSS-3PM
=FIN  \\$aY
=LEO  \\$aMP22.0000069498
=LEO  \\$aMP10.0000631090
=MNI  \\$a0022-0744
=SRC  \\$aISN01$bbibmp22.200404.2.aa
=SRC  \\$aDSS01$bbibmp10.200404.2.aa
=TCO  \\$aCLA$bCLA$c008
=TOC  \\$aETOC
=UNO  \\$aY
=ACF  \\$aPrevious copyright fee: GBP15.00$c29\0$e01-jan-2004$fGBP15.00$g0$hP$5Uk
=ACF  \\$aCurrent copyright fee: GBP10.00$c29\0$e01-apr-2002$fGBP10.00$g0$hP$5Uk
=ACF  \\$aCurrent copyright fee: GBP10.00$c0$e01-jul-2000$fGBP10.00$g0$hC$5Uk
=ACF  \\$aPrevious copyright fee: GBP16.00$c29\0$e01-jan-2006$fGBP16.00$g0$hP$5Uk
=ACF  \\$aPrevious copyright fee: GBP18.00$c29\0$e01-jan-2008$fGBP18.00$g0$hP$5Uk
=ACF  \\$aPrevious copyright fee: GBP20.00$c29\0$e01-jan-2013$fGBP20.00$g0$hP$5Uk
=ACF  \\$aPrevious copyright fee: GBP23.00$c29\0$e01-jan-2015$fGBP23.00$g0$hP$5Uk
=ACF  \\$aPrevious copyright fee: GBP24.00$c29\0$e01-jan-2016$fGBP24.00$g0$hP$5Uk
=ACF  \\$aPrevious copyright fee: GBP26.00$c29\0$e01-jan-2017$fGBP26.00$g0$hP$5Uk
=ACF  \\$aPrevious copyright fee: GBP28.00$c29\0$e01-jan-2019$fGBP28.00$g0$hP$5Uk
=ACF  \\$aPrevious copyright fee: GBP27.00$c29\0$e01-jan-2018$fGBP27.00$g0$hP$5Uk
=LAS  \\$aBATCH-SUPP$b00$c20230426$lBLL01$h1108

