=LDR  02030cas a2200601 i 4500
=001  020125258
=003  Uk
=005  20210802155647.0
=006  m\\\\\\\\d\\\\\\\\
=007  cr\|||||||||||
=008  210305c20219999ne\fr\p\s\\\\\0\\\a0eng\\
=FMT  \\$a  SE
=015  \\$aGBC1C0476$2bnb
=022  \\$y2666-4224
=040  \\$aUk$beng$cUk$erda
=042  \\$aukblsr
=082  04$a410$223 306.44
=245  00$aInteractional linguistics.
=264  \1$aAmsterdam :$bJohn Benjamins Publishing Company,$c2021-
=300  \\$billustrations (colour)
=310  \\$aSemiannual
=336  \\$atext$2rdacontent
=337  \\$acomputer$2rdamedia
=338  \\$aonline resource$2rdacarrier
=362  0\$aVolume 1, issue 1 (June 2021)-
=500  \\$aTitle from journal home page (John Benjamins e-platform, viewed August 2, 2021).
=540  \\$aCurrent copyright fee: GBP20.00$c78\0$5Uk
=650  \0$aLinguistics$vPeriodicals.
=650  \0$aSociolinguistics$vPeriodicals.
=856  40$uhttps://www.jbe-platform.com/content/journals/26664232/browse
=856  4\$31850-9999$uhttp://benjamins.com$xBLDSS
=859  \\$aELD$bejournal
=852  \\$aBritish Library$bDSC$j4531.871766$3Volume 1:Issue 1(2021)-
=945  \\$aInteractional Linguistics
=959  \\$fCurrently received
=985  \\$aWFH record (CS) 2021
=CAT  \\$a12654$b40$c20210305$lBLL01$h1137
=CAT  \\$a8055$b40$c20210305$lBLL01$h1301
=CAT  \\$aBATCH-UNOA$c20210309$lBLL01$h2106
=CAT  \\$aBLDSS-3PM$b00$c20210311$lBLL01$h0713
=CAT  \\$aBATCH-UPD$b00$c20210311$lBLL01$h0715
=CAT  \\$a5410$b40$c20210323$lBLL01$h1005
=CAT  \\$a8124$b40$c20210802$lBLL01$h1554
=CAT  \\$a8124$b40$c20210802$lBLL01$h1556
=CFI  0\$aCurrent copyright fee: GBP20.00$c78\0$e05-mar-2021$fGBP20.00$g0$hP$5Uk
=EST  \\$a1
=FFP  \\$aY$bBLDSS-3PM
=FIN  \\$aY$d20210802
=LET  \0$aInteractional linguistics (Electronic)
=MNI  \\$a2666-4232
=TOC  \\$aETOC
=UNO  \\$aY
=LAS  \\$a8124$b40$c20210802$lBLL01$h1556

