=LDR  03444 as a2200877 i 4500
=001  019675652
=003  Uk
=005  20211022095802.0
=006  m\\\\\\\\d\\\\\\\\
=007  cr\|||||||||||
=008  200116c20209999sz\br\p\s\\\\\0\\\a0eng\\
=FMT  \\$a  SE
=022  \\$a2673-1673$y2673-1665
=040  \\$aUk$beng$cUk$erda
=042  \\$aukblsr
=082  04$a572.8$223
=222  \0$aMicrobial physiology$b(Online)
=245  00$aMicrobial physiology
=264  \1$aBasel :$bS. Karger$c[2020]
=300  \\$billustrations (black and white, and colour)
=310  \\$aBimonthly
=336  \\$atext$2rdacontent
=337  \\$acomputer$2rdamedia
=338  \\$aonline resource$2rdacarrier
=362  0\$aVol. 30, no. 1-6 (2020)-
=500  \\$aTitle from PDF cover (Karger's website, viewed October 22, 2021).
=588  \\$aLatest issue consulted: volume 31, number 2 (August 2021), viewed October 22, 2021.
=538  \\$aMode of access: World Wide Web.
=540  \\$aCurrent copyright fee: zero$c24\0$5Uk
=650  \0$aMicrobiology$vPeriodicals.
=650  \0$aMicroorganisms$xPhysiology$vPeriodicals.
=780  00$tJournal of molecular microbiology and biotechnology$x1660-2412
=856  \\$31850-9999$uhttp://www.karger.com/$xBLDSS
=856  40$uhttps://www.karger.com/Journal/Home/228391
=859  \\$aELD$bejournal
=852  \\$aBritish Library$bDSC$j5756.955900$3Volume 30:Issue 1/6(2020)-Volume 31:Issue 1(2021)
=945  \\$aMicrobial Physiology
=959  \\$fHeld but not currently received
=CAT  \\$a12654$b40$c20200116$lBLL01$h1127
=CAT  \\$a12654$b40$c20200116$lBLL01$h1130
=CAT  \\$a12654$b40$c20200116$lBLL01$h1131
=CAT  \\$a5410$b40$c20200122$lBLL01$h0918
=CAT  \\$aBLDSS-3PM$b00$c20200124$lBLL01$h0859
=CAT  \\$aBATCH-UPD$b00$c20200124$lBLL01$h0902
=CAT  \\$aBATCH-UPD$b00$c20200219$lBLL01$h1520
=CAT  \\$aIPL-CLA$c20200331$lBLL01$h1639
=CAT  \\$aBATCH-UPD$b00$c20200522$lBLL01$h1505
=CAT  \\$aIPL-CLA$c20200701$lBLL01$h0126
=CAT  \\$aBATCH-UPD$b00$c20201126$lBLL01$h1124
=CAT  \\$a8055$b40$c20201211$lBLL01$h1226
=CAT  \\$aIPL-CLA$c20201231$lBLL01$h1534
=CAT  \\$a12654$b40$c20210325$lBLL01$h0531
=CAT  \\$a5410$b40$c20210915$lBLL01$h1112
=CAT  \\$a5410$b40$c20210916$lBLL01$h1156
=CAT  \\$a5410$b40$c20210917$lBLL01$h1018
=CAT  \\$a5410$b40$c20210917$lBLL01$h1022
=CAT  \\$a5410$b40$c20210919$lBLL01$h1139
=CAT  \\$a5410$b40$c20210919$lBLL01$h1146
=CAT  \\$a5410$b40$c20210921$lBLL01$h1037
=CAT  \\$a5410$b40$c20210922$lBLL01$h1549
=CAT  \\$a5410$b40$c20211013$lBLL01$h1037
=CAT  \\$a8483$b40$c20211022$lBLL01$h0928
=CAT  \\$a8483$b40$c20211022$lBLL01$h0958
=CFI  0\$aCurrent copyright fee: zero$c24\0$e01-jan-2021$fGBP0.00$g0$hP$5Uk
=CFI  2\$aPrevious copyright fee: GBP31.60$c24\0$e01-jul-2020$fGBP31.60$g0$hP$5Uk
=EST  \\$a1
=FFP  \\$aY$bBLDSS-3PM
=FIN  \\$aY$d20211022
=LET  \0$aMicrobial physiology (Electronic)
=LKR  \\$aPAR$b012434012$lBLL01$r78000$mMicrobial physiology (Online)$nJOURNAL OF MOLECULAR MICROBIOLOGY AND BIOTECHNOLOGY.
=MNI  \\$a2673-1665
=TOC  \\$aETOC
=UNO  \\$aY
=ACF  \\$aPrevious copyright fee: GBP31.60$c24\0$e16-jan-2020$fGBP31.60$g0$hP$5Uk
=ACF  \\$aPrevious copyright fee: GBP30.38$c24\0$e01-apr-2020$fGBP30.38$g0$hP$5Uk
=LAS  \\$a8483$b40$c20211022$lBLL01$h0958

