=LDR  03117cas a2200709 i 4500
=001  020485927
=003  Uk
=005  20220930143043.0
=006  m\\\\\\\\d\|\\\\\\
=007  cr\|||||||||||
=008  191112c20229999xxumr\p\o\\\\\0\\\a0eng\\
=FMT  \\$a  SE
=022  \\$a2768-3613
=040  \\$aUk$beng$cUk$erda
=042  \\$aukblsr
=082  04$a615.5$223
=222  \0$aJournal of integrative and complementary medicine$b(Online)
=245  00$aJournal of integrative and complementary medicine.
=246  3\$aJICM
=264  \1$a[Larchmont, NY] :$bMary Ann Liebert Inc,$c[2022-]
=336  \\$atext$2rdacontent
=337  \\$acomputer$2rdamedia
=338  \\$aonline resource$2rdacarrier
=362  0\$aVolume 28, issue 1 (January 2022)-
=500  \\$aTitle from journal homepage (Mary Ann Liebert Web site, viewed May 11, 2022).
=588  \\$aLatest issue consulted: volume 28, number 4 (April 2022), viewed May 11, 2022.
=550  \\$aOfficial journal of: The Society for Acupuncture Research; Society for Integrative Oncology.
=540  \\$aCurrent copyright fee: GBP42.50$c18\0$5Uk
=650  \0$aAlternative medicine$vPeriodicals.
=710  2\$aSociety for Acupuncture Research,$eissuing body.
=710  2\$aSociety for Integrative Oncology,$eissuing body.
=776  08$iAlso issued in print as:$tJournal of integrative and complementary medicine$x2768-3605
=780  00$tJournal of alternative complementary medicine (New York, N.Y. : Online)$x1557-7708
=856  40$31850-9999$uhttp://www.liebertpub.com/$xBLDSS
=856  40$uhttps://home.liebertpub.com/publications/journal-of-integrative-and-complementary-medicine/26
=859  \\$aELD$bejournal
=852  \\$aBritish Library$bDSC$j5007.538417$3Volume 28:Issue 1 (2022)-
=945  \\$aJournal of integrative and complementary medicine
=CAT  \\$a8055$b40$c20220211$lBLL01$h1444
=CAT  \\$aBLDSS-3PM$b00$c20220214$lBLL01$h1133
=CAT  \\$aBATCH-UPD$b00$c20220214$lBLL01$h1134
=CAT  \\$aBATCH-UNOA$c20220216$lBLL01$h0044
=CAT  \\$a5410$b40$c20220216$lBLL01$h1026
=CAT  \\$a5410$b40$c20220223$lBLL01$h1359
=CAT  \\$a8483$b40$c20220511$lBLL01$h1212
=CAT  \\$a8483$b40$c20220511$lBLL01$h1216
=CAT  \\$aBATCH-UPD$b40$c20220520$lBLL01$h1623
=CAT  \\$aIPL-CLA$c20220630$lBLL01$h1541
=CAT  \\$aBATCH-UPD$b00$c20220824$lBLL01$h0851
=CAT  \\$aIPL-CLA$c20220930$lBLL01$h1430
=CFI  0\$aCurrent copyright fee: GBP42.50$c18\0$e01-oct-2022$fGBP42.50$g0$hP$5Uk
=CFI  2\$aPrevious copyright fee: GBP40.80$c18\0$e01-jul-2022$fGBP40.80$g0$hP$5Uk
=EST  \\$a1
=FFP  \\$aY$bBLDSS-3PM
=FIN  \\$aY$d20220511
=LET  \0$aJournal of integrative and complementary medicine (Electronic)
=LKR  \\$aPAR$b012433646$lBLL01$r78000$mJournal of integrative and complementary medicine (Online)$nJournal of alternative and complementary medicine (New York, N.Y. Online)
=MNI  \\$a2768-3605
=TOC  \\$aETOC
=UNO  \\$aY
=ACF  \\$aPrevious copyright fee: GBP36.43$c18\0$e11-feb-2022$fGBP36.43$g0$hP$5Uk
=LAS  \\$aIPL-CLA$b00$c20220930$lBLL01$h1430

