=LDR  02316cas a2200661 i 4500
=001  017627186
=003  Uk
=005  20220705160438.0
=006  m\\\\\\\\d\\\\\\\\
=007  cr\|||||||||||
=008  151125c20119999ne\fr\p\s\\\\\0\\\a0eng\\
=FMT  \\$a  SE
=022  0\$a2210-4097
=040  \\$aUk$beng$cUk$erda
=042  \\$aukblsr
=082  04$a401.4305$223
=222  \0$aMetaphor and the social world
=245  00$aMetaphor and the social world.
=246  13$aMSW
=264  \1$aAmsterdam :$bJohn Benjamins,$c2011-
=310  \\$aSemiannual
=336  \\$atext$2rdacontent
=337  \\$acomputer$2rdamedia
=338  \\$aonline resource$2rdacarrier
=362  0\$aVolume 1, number1 (2011)-
=500  \\$aSome issues have individual subject focus.
=500  \\$aTitle from journal contents page (publisher's website, viewed July 5, 2022).
=588  \\$aLatest issue consulted: volume 12, number 1 (2022) (viewed July 5, 2022).
=538  \\$aMode of access: World Wide Web.
=540  \\$aCurrent copyright fee: GBP20.00$c78\0$5Uk
=650  \0$aMetaphor$vPeriodicals.
=650  \0$aMetaphor$xSocial aspects$vPeriodicals.
=776  08$iAlso issued in print as:$tMetaphor and the social world$x2210-4070
=856  4\$31850-9999$uhttp://benjamins.com$xBLDSS
=856  40$uhttps://benjamins.com/catalog/msw
=859  \\$aELD$bejournal
=852  \\$aBritish Library$bDSC$j5701.618000$3Volume 6:Issue 1(2016)-
=945  \\$aMetaphor and the social world
=959  \\$fCurrently received
=985  \\$aWFH record (CS) 2022
=CAT  \\$a12654$b40$c20151125$lBLL01$h0932
=CAT  \\$aBLDSS-3PM$b00$c20151201$lBLL01$h1133
=CAT  \\$aBATCH-UPD$b00$c20160524$lBLL01$h2301
=CAT  \\$aBATCH-UPD$b00$c20160525$lBLL01$h0656
=CAT  \\$a8055$b40$c20170503$lBLL01$h1429
=CAT  \\$a8055$b40$c20170503$lBLL01$h1430
=CAT  \\$a8055$b40$c20170503$lBLL01$h1431
=CAT  \\$a8124$b40$c20220705$lBLL01$h1602
=CAT  \\$a8124$b40$c20220705$lBLL01$h1604
=CFI  0\$aCurrent copyright fee: GBP20.00$c78\0$e25-nov-2015$fGBP20.00$g0$hP$5Uk
=EST  \\$a1
=FFP  \\$aY$bBLDSS-3PM
=FIN  \\$aY$d20220705
=LET  \0$aMetaphor and the social world (Electronic)
=MNI  \\$a2210-4070
=TOC  \\$aETOC
=UNO  \\$aY
=LAS  \\$a8124$b40$c20220705$lBLL01$h1604

