=LDR  04491cas a2201045 i 4500
=001  016435551
=003  Uk
=005  20221231145201.0
=006  m\\\\\\\\d\|\\\\\\
=007  cr\|||||||||||
=008  130621c20039999sz\tr\p\o\\\\\0\\\a0eng\\
=FMT  \\$a  SE
=022  0\$a2052-9597
=040  \\$aUk$beng$cUk$erda
=042  \\$aukblsr
=082  04$a658.001$223
=222  \0$aPhilosophy of management$b(Online)
=245  00$aPhilosophy of management.
=264  \1$aFaringdon :$bLibri Publishing Ltd
=264  21$aHeidelberg :$bSpringer International Publishing AG
=264  31$a[Switzerland] :$bSpringer Nature Switzerland AG
=310  \\$aQuarterly
=321  \\$aThree issues yearly
=336  \\$atext$2rdacontent
=337  \\$acomputer$2rdamedia
=338  \\$aonline resource$2rdacarrier
=362  1\$aPrint began with volume 3, number 1 (2003).
=580  \\$aIncludes issues of earlier title: Reason in practice.
=588  \\$aDescription based on print version record.
=588  \\$aLatest issue consulted: volume 19, issue 2 (June 2020) (SpringerLink, viewed August 17, 2020).
=540  \\$aCurrent copyright fee: GBP29.95$c22\1$5Uk
=650  \0$aManagement$xPhilosophy$vPeriodicals.
=690  7\$aManagement and Business Studies$2blcoll
=776  08$iAlso issued in print as:$tPhilosophy of management$x1740-3812
=780  10$tReason in practice
=856  40$31850-9999$uhttp://link.springer.com/$xBLDSS
=859  \\$aELD$bejournal
=856  40$uhttp://secure.pdcnet.org/pom
=856  40$uhttps://www.springer.com/journal/40926/
=852  \\$aBritish Library$bDSC$j6464.953750$3Volume 17:Issue 1(2018)-
=945  \\$aPhilosophy of management
=959  \\$fCurrently received
=985  \\$aISSN description based on: journal homepage (viewed June 21st 2013).
=985  \\$aISSN responsibility transferred from ISSN UK to ISSN Germany, April 23 2015.
=CAT  \\$a11313$b40$c20130621$lBLL01$h1422
=CAT  \\$aBATCH-UPD$b00$c20160524$lBLL01$h2215
=CAT  \\$aBATCH-UPD$b00$c20160525$lBLL01$h0056
=CAT  \\$aBATCH-UPD$b00$c20160824$lBLL01$h1750
=CAT  \\$aIPL-CLA$c20160930$lBLL01$h1639
=CAT  \\$aBATCH-UPD$b00$c20170216$lBLL01$h1837
=CAT  \\$a5552$b40$c20170309$lBLL01$h1225
=CAT  \\$aIPL-CLA$c20170331$lBLL01$h1917
=CAT  \\$aBATCH-UPD$b00$c20170904$lBLL01$h1845
=CAT  \\$a5410$b40$c20170907$lBLL01$h0905
=CAT  \\$a5410$b40$c20170908$lBLL01$h1124
=CAT  \\$aIPL-CLA$c20170929$lBLL01$h1802
=CAT  \\$aBATCH-UPD$b00$c20180223$lBLL01$h1706
=CAT  \\$a8055$b40$c20180327$lBLL01$h1026
=CAT  \\$a8055$b40$c20180327$lBLL01$h1148
=CAT  \\$aIPL-CLA$c20180331$lBLL01$h1705
=CAT  \\$aBATCH-UPD$b00$c20180524$lBLL01$h1709
=CAT  \\$aIPL-CLA$c20180630$lBLL01$h1938
=CAT  \\$a5410$b40$c20191127$lBLL01$h1041
=CAT  \\$aBATCH-MBS$c20191206$lBLL01$h2142
=CAT  \\$a5410$b40$c20191213$lBLL01$h1450
=CAT  \\$a5552$b40$c20200813$lBLL01$h1342
=CAT  \\$a8483$b40$c20200817$lBLL01$h0944
=CAT  \\$a8483$b40$c20200817$lBLL01$h0945
=CAT  \\$aBATCH-UPD$b40$c20221121$lBLL01$h1406
=CAT  \\$aIPL-CLA$c20221231$lBLL01$h1452
=CFI  0\$aCurrent copyright fee: GBP29.95$c22\1$e01-jan-2023$fGBP29.95$g0$hP$5Uk
=CFI  2\$aPrevious copyright fee: GBP34.00$c22\1$e01-jul-2018$fGBP34.00$g0$hP$5Uk
=EST  \\$a1
=FFP  \\$aY$bBLDSS-3PM
=FIN  \\$aY$d20130621
=LET  \0$aPhilosophy of management (Electronic)
=LKR  \\$aPAR$b009921058$lBLL01$r776$mPhilosophy of management (Online)$nPhilosophy of management (Print)
=MNI  \\$a1740-3812
=TOC  \\$aETOC
=UNO  \\$aY
=ACF  \\$aPrevious Copyright Fee: GBP24.21$c22\1$e13-jan-2015$fGBP24.21$g0$hP$5Uk
=ACF  \\$aPrevious copyright fee: GBP25.77$c22\1$e01-apr-2015$fGBP25.77$g0$hP$5Uk
=ACF  \\$aPrevious copyright fee: GBP26.63$c22\1$e01-jul-2015$fGBP26.63$g0$hP$5Uk
=ACF  \\$aPrevious copyright fee: GBP25.77$c22\1$e01-oct-2015$fGBP25.77$g0$hP$5Uk
=ACF  \\$aPrevious copyright fee: GBP27.55$c22\1$e01-apr-2016$fGBP27.55$g0$hP$5Uk
=ACF  \\$aPrevious copyright fee: GBP29.59$c22\1$e01-oct-2016$fGBP29.59$g0$hP$5Uk
=ACF  \\$aPrevious copyright fee: GBP31.96$c22\1$e01-apr-2017$fGBP31.96$g0$hP$5Uk
=ACF  \\$aPrevious copyright fee: GBP30.73$c22\1$e01-oct-2017$fGBP30.73$g0$hP$5Uk
=ACF  \\$aPrevious copyright fee: GBP28.54$c22\1$e01-apr-2018$fGBP28.54$g0$hP$5Uk
=LAS  \\$aIPL-CLA$b00$c20221231$lBLL01$h1452

