=LDR  02585cas a2200685 i 4500
=001  017123474
=003  Uk
=005  20231003114438.0
=006  m\\\\\\\\d\\\\\\\\
=007  cr\|||||||||||
=008  150324c19209999gw\ar\p\o\\\\\0\\\b0ger\\
=FMT  \\$a  SE
=022  \\$a2194-4059
=040  \\$aUk$beng$cUk$erda
=041  \\$ager$aita$afre$aeng
=042  \\$aukblsr
=082  04$a851.1$223
=222  \0$aDeutsches Dante-Jahrbuch$b(Internet)
=245  00$aDeutsches Dante-Jahrbuch.
=264  \1$aKöln :$bBöhlau Verlag
=264  31$32014-$aBerlin :$bDe Gruyter
=310  \\$aAnnual
=336  \\$atext$2rdacontent
=337  \\$acomputer$2rdamedia
=338  \\$aonline resource$2rdacarrier
=362  1\$aPrint began in 1920.
=588  \\$aDescription based on print version record.
=588  \\$aLatest issue consulted: Band 97 (2022) (De Gruyter website, viewed Octobr 3, 2023).
=538  \\$aMode of access: World Wide Web.
=540  \\$aCurrent copyright fee: GBP27.00$c56\0$5Uk
=546  \\$aArticles in German, Italian, French and English.
=580  \\$aOriginal print version preceded by earlier title: Jahrbuch der Deutschen Dante-Gesellschaft.
=600  07$aDante Alighieri,$d1265-1321$2fast$0(OCoLC)fst00029097
=655  \7$aPeriodicals.$2fast$0(OCoLC)fst01411641
=655  \7$aCriticism, interpretation, etc.$2fast$0(OCoLC)fst01411635
=710  2\$aDeutsche Dante-Gesellschaft,$eissuing body.
=776  08$iAlso issued in print as:$tDeutsches Dante-Jahrbuch$x0070-444X
=856  40$31850-9999$uhttp://www.degruyter.com$xBLDSS
=856  40$uhttps://www.degruyter.com/journal/key/dante/html
=859  \\$aELD$bejournal
=852  41$aBritish Library$bDSC$j3576.400000$3Volume 90:Issue 1(2015)-
=945  \\$aDeutsches dante jahrbuch.
=959  \\$fCurrently received
=CAT  \\$a12654$b40$c20150324$lBLL01$h1244
=CAT  \\$aBLDSS-3PM$b00$c20150522$lBLL01$h1544
=CAT  \\$aBATCH-UPD$b00$c20160524$lBLL01$h2256
=CAT  \\$aBATCH-UPD$b00$c20160525$lBLL01$h0634
=CAT  \\$a8055$b40$c20230926$lBLL01$h1459
=CAT  \\$a8483$b40$c20231003$lBLL01$h1137
=CAT  \\$a8483$b40$c20231003$lBLL01$h1141
=CAT  \\$a8483$b40$c20231003$lBLL01$h1144
=CFI  0\$aCurrent copyright fee: GBP27.00$c56\0$e24-mar-2015$fGBP27.00$g0$hP$5Uk
=EST  \\$a1
=FFP  \\$aY$bBLDSS-3PM
=FIN  \\$aY$d20231003
=LKR  \\$aPAR$b007166850$lBLL01$r776$mDeutsches Dante-Jahrbuch (Internet)$nDeutsches Dante-Jahrbuch.
=MNI  \\$a0070-444X
=TOC  \\$aETOC
=UNO  \\$aY
=LAS  \\$a8483$b40$c20231003$lBLL01$h1144

