=LDR  02459cas a2200637 i 4500
=001  020804194
=003  Uk
=005  20230913145511.0
=006  m\\\\\\\\d\\\\\\\\
=007  cr\|||||||||||
=008  221012c20239999ne\fr\j\o\\\\\0\\\a0eng\\
=FMT  \\$a  SE
=022  \\$a2949-6845
=040  \\$aUk$beng$cUk$erda
=042  \\$aukblsr
=082  04$a418.020285$223
=245  00$aDigital translation :$binternational journal of translation and localization.
=264  \1$a[Amsterdam] :$bJohn Benjamin,$c2023-
=300  \\$billustrations (black and white, and colour)
=310  \\$aSemiannual
=336  \\$atext$2rdacontent
=337  \\$acomputer$2rdamedia
=338  \\$aonline resource$2rdacarrier
=362  0\$aVolume 10, issue 1 (2023)-
=500  \\$aTitle from journal homepage (John Benjamin website, viewed September 13, 2023).
=540  \\$aCurrent copyright fee: GBP20.00$c78\0$5Uk
=650  \7$aTranslating and interpreting$xTechnological innovations.$2fast$0(OCoLC)fst01154814
=650  \7$aDigital media.$2fast$0(OCoLC)fst00893716
=655  \7$aPeriodicals.$2fast$0(OCoLC)fst01411641
=780  00$tJournal of internationalization and localization$x2032-6912
=856  40$31850-9999$uhttp://benjamins.com$xBLDSS
=856  40$uhttps://www.jbe-platform.com/content/journals/29496845
=859  \\$aELD$bejournal
=852  \\$aBritish Library$bDSC$j9830.236500$3Volume 10:Issue 1(2023)-
=945  \\$aDigital translation
=959  \\$fCurrently received
=CAT  \\$a12654$b40$c20221109$lBLL01$h1226
=CAT  \\$aBLDSS-3PM$b00$c20221115$lBLL01$h1117
=CAT  \\$aBATCH-UPD$b00$c20221115$lBLL01$h1118
=CAT  \\$aBATCH-UNOA$c20221116$lBLL01$h0105
=CAT  \\$a8055$b40$c20221209$lBLL01$h1425
=CAT  \\$a8055$b40$c20221209$lBLL01$h1429
=CAT  \\$a8055$b40$c20230426$lBLL01$h1055
=CAT  \\$a5410$b40$c20230503$lBLL01$h0830
=CAT  \\$a8483$b40$c20230913$lBLL01$h1231
=CAT  \\$a8483$b40$c20230913$lBLL01$h1433
=CAT  \\$a8483$b40$c20230913$lBLL01$h1455
=CFI  0\$aCurrent copyright fee: GBP20.00$c78\0$e12-oct-2022$fGBP20.00$g0$hP$5Uk
=EST  \\$a1
=FFP  \\$aY$bBLDSS-3PM
=FIN  \\$aY$d20230913
=LKR  \\$aPAR$b017624845$lBLL01$r78000$mDigital translation : international journal of translation and localization.$nJournal of internationalization and localization
=MNI  \\$a2949-6861
=TOC  \\$aETOC
=UNO  \\$aY
=LAS  \\$a8483$b40$c20230913$lBLL01$h1455

