=LDR  06297cas a2201237 i 4500
=001  012433832
=003  Uk
=005  20230211161304.0
=006  m\\\\\o\\d\\\\\\\\
=007  cr\|||||||||||
=008  970529c19749999ne\br\pso\\\\\0\\\a0eng\c
=FMT  \\$a  SE
=010  \\$asn 97000939 
=016  \\$a012433832
=019  c\$a102093797
=022  \\$a1096-0449$l0095-0696$21
=035  \\$a(OCoLC)36983028$z(OCoLC)53184268$z(OCoLC)80598593$z(OCoLC)499771337$z(OCoLC)610111959$z(OCoLC)655523972$z(OCoLC)655748498$z(OCoLC)655904636$z(OCoLC)655922199$z(OCoLC)663419994
=040  \\$aOH1$beng$cOH1$dNSD$dOCL$dOCLCQ$dOCL$dOCLCQ$dUKMGB$dOCLCE$dOCLCQ$dOCL$dOCLCQ$dOCLCF$dORZ$dOCLCQ$dUk
=042  \\$ansdp$aukblsr
=050  \4$aHC79.P55$bJ68
=082  10$a333.7$223
=130  0\$aJournal of environmental economics and management (Online)
=210  0\$aJ. environ. econ. manage.$b(Online)
=222  \0$aJournal of enironmental economics and management$b(Online)
=245  10$aJournal of environmental economics and management.
=264  \1$aOrlando, Fla. :$bAcademic Press
=264  31$a[Netherlands?] :$bElsevier
=310  \\$aBimonthly
=336  \\$atext$2rdacontent
=337  \\$acomputer$2rdamedia
=338  \\$aonline resource$2rdacarrier
=362  1\$aPrint began with vol. 1 (May 1974).
=500  \\$aUntil 2014 Journal of environmental economics and management was the official journal for the Association of Environmental and Resource Economists. In 2014 the Association of Environmental and Resource Economists published their own official journal under the title, Journal of the Association of Environmental and Resource Economists.
=506  \\$3Use copy$fRestrictions unspecified$5MiAaHDL$2star
=533  \\$aElectronic reproduction.$b[S.l.] :$cHathiTrust Digital Library,$d2010.$5MiAaHDL
=538  \\$aMaster and use copy. Digital master created according to Benchmark for Faithful Digital Reproductions of Monographs and Serials, Version 1. Digital Library Federation, December 2002.$uhttp://purl.oclc.org/DLF/benchrepro0212$5MiAaHDL
=583  1\$adigitized$c2010$hHathiTrust Digital Library$lcommitted to preserve$5MiAaHDL$2pda
=588  \\$aDescription based on: Vol. 30, no. 1 (Jan. 1996); title from title screen.
=588  \\$aLatest issue consulted: volume 78 (July 2016) (ScienceDirect, viewed September 29, 2016).
=540  \\$aCurrent copyright fee: GBP34.30$c5\1$5Uk
=650  \0$aEnvironmental economics$vPeriodicals.
=650  \0$aPollution$xEconomic aspects$vPeriodicals.
=650  \7$aPollution$xEconomic aspects.$2fast$0(OCoLC)fst01070081
=650  17$aMilieu.$2gtt
=650  17$aEconomische aspecten.$2gtt
=655  \7$aPeriodicals.$2fast$0(OCoLC)fst01411641
=776  08$iAlso issued in print as:$tJournal of environmental economics and management.$x0095-0696
=710  2\$aAssociation of Environmental and Resource Economists (U.S.)
=856  40$31850-9999$uhttp://www.elsevier.com/journals$xBLDSS
=859  \\$aELD$bejournal
=856  40$3HathiTrust Digital Library Limited view (search only)$uhttp://catalog.hathitrust.org/api/volumes/oclc/1796173.html
=856  40$uhttp://www.sciencedirect.com/science/journal/00950696
=856  4\$uhttp://www.idealibrary.com$zLogon procedure and access to this title is available via the I.D.E.A.L. (service provider) homepage
=852  41$aBritish Library$bDSC$j4979.360000$3Volume 5:Issue 4(1978)-Volume 86(2017)***See ESTAR for full holdings.
=945  \\$aJournal of environmental economics and management
=959  \\$fHeld but not currently received
=979  \\$aBritish Library$bDSC$j4979.360000
=A02  \\$a102093797
=CAT  \\$aCONV$b00$c20040425$lBLL90$h0713
=CAT  \\$aBATCH$b00$c20091216$lBLL01$h0216
=CAT  \\$aWR10_164$c20101215$lBLL01$h1511
=CAT  \\$aWR11_155$c20111021$lBLL01$h1330
=CAT  \\$aWR11_155$c20111114$lBLL01$h1647
=CAT  \\$aBATCH-UPD$b00$c20111123$lBLL01$h1852
=CAT  \\$aIPL-CLA$c20111230$lBLL01$h2013
=CAT  \\$aBATCH-CLA$b00$c20121109$lBLL01$h1734
=CAT  \\$aBATCH-UPD$b00$c20121121$lBLL01$h1655
=CAT  \\$aIPL-CLA$c20121231$lBLL01$h1309
=CAT  \\$aIPL-CLA$c20130102$lBLL01$h1726
=CAT  \\$aWR13.005$c20130323$lBLL01$h1510
=CAT  \\$aBATCH-CLA$b00$c20140125$lBLL01$h1307
=CAT  \\$aBATCH-CLA$c20140225$lBLL01$h2319
=CAT  \\$aBLDSS-3PM$b00$c20141222$lBLL01$h1713
=CAT  \\$aBATCH-UPD$b00$c20160601$lBLL01$h0859
=CAT  \\$a8483$b40$c20160929$lBLL01$h0953
=CAT  \\$aBATCH-016$c20161005$lBLL01$h2150
=CAT  \\$aBATCH-UPD$b00$c20171121$lBLL01$h1742
=CAT  \\$aW1711-1005$c20171206$lBLL01$h1815
=CAT  \\$aIPL-CLA$c20171231$lBLL01$h1623
=CAT  \\$aW1805-0471$c20180520$lBLL01$h1138
=CAT  \\$aBATCH-UPD$b00$c20190521$lBLL01$h1434
=CAT  \\$aIPL-CLA$c20190630$lBLL01$h1531
=CAT  \\$aBATCH-UPD$b00$c20211119$lBLL01$h1552
=CAT  \\$aIPL-CLA$c20211231$lBLL01$h1542
=CAT  \\$a5410$b40$c20230211$lBLL01$h1613
=CFI  0\$aCurrent copyright fee: GBP34.30$c5\1$e01-jan-2022$fGBP34.30$g0$hP$5Uk
=CFI  2\$aPrevious copyright fee: GBP32.84$c5\1$e01-jul-2019$fGBP32.84$g0$hP$5Uk
=EST  \\$a1
=FFP  \\$aY$bBLDSS-3PM
=FIN  \\$aY
=LEO  \\$aMP10.0000631102
=LKR  \\$aPAR$b010489405$lBLL01$r776$mJournal of environmental economics and management.$nJournal of environmental economics and management (Print)
=MNI  \\$a0095-0696
=SID  \\$aZ39$bOCLC
=SRC  \\$aDSS01$bbibmp10.200404.2.aa
=TCO  \\$aCLA$bCLA$c008
=TOC  \\$aETOC
=ACF  \\$aPrevious copyright fee: GBP19.00$c5\9$e01-jan-2008$fGBP19.00$g0$hP$5Uk
=ACF  \\$aPrevious Copyright Fee: GBP18.00$c5\9$e01-apr-2004$fGBP18.00$g0$hP$5Uk
=ACF  \\$aCurrent copyright fee: GBP20.00$c5\9$e01-jan-2003$fGBP20.00$g0$hP$5Uk
=ACF  \\$aCurrent copyright fee: GBP22.58$c0$e01-oct-2002$fGBP22.58$g0$hC$5Uk
=ACF  \\$aPrevious copyright fee: GBP20.00$c5\1$e01-jan-2009$fGBP20.00$g0$hP$5Uk
=ACF  \\$aPrevious copyright fee: GBP21.00$c5\1$e01-jan-2012$fGBP21.00$g0$hP$5Uk
=ACF  \\$aPrevious copyright fee: GBP22.50$c5\1$e01-jan-2013$fGBP22.50$g0$hP$5Uk
=ACF  \\$aPrevious copyright fee: GBP23.40$c5\1$e01-jan-2018$fGBP23.40$g0$hP$5Uk
=LAS  \\$a5410$b40$c20230211$lBLL01$h1613

